<record><leader>00000cas a2200000 a 4500</leader><controlfield tag="001">22301393</controlfield><controlfield tag="008">900831c19719999caudn ne      0   a0eng c</controlfield><datafield ind1=" " ind2=" " tag="010"><subfield code="a">sn 94004414 </subfield></datafield><datafield ind1=" " ind2=" " tag="040"><subfield code="a">CBA</subfield><subfield code="b">eng</subfield><subfield code="c">CBA</subfield><subfield code="d">NSD</subfield><subfield code="d">CNK</subfield><subfield code="d">OCLCQ</subfield><subfield code="d">CNK</subfield><subfield code="d">OCLCQ</subfield><subfield code="d">CNK</subfield><subfield code="d">OCLCF</subfield><subfield code="d">OCLCO</subfield></datafield><datafield ind1=" " ind2=" " tag="012"><subfield code="m">1</subfield></datafield><datafield ind1="1" ind2=" " tag="022"><subfield code="a">1076-0059</subfield><subfield code="l">1076-0059</subfield><subfield code="2">1</subfield></datafield><datafield ind1="1" ind2=" " tag="029"><subfield code="a">AU@</subfield><subfield code="b">000010971090</subfield></datafield><datafield ind1=" " ind2=" " tag="032"><subfield code="a">655740</subfield><subfield code="b">USPS</subfield></datafield><datafield ind1=" " ind2=" " tag="042"><subfield code="a">nsdp</subfield><subfield code="a">pcc</subfield></datafield><datafield ind1="0" ind2=" " tag="130"><subfield code="a">Daily independent (Ridgecrest, Calif.)</subfield></datafield><datafield ind1=" " ind2="4" tag="222"><subfield code="a">The Daily independent</subfield><subfield code="b">(Ridgecrest, Calif.)</subfield></datafield><datafield ind1="0" ind2="4" tag="245"><subfield code="a">The daily independent.</subfield></datafield><datafield ind1="1" ind2=" " tag="246"><subfield code="i">On Sundays published as:</subfield><subfield code="a">Sunday independent</subfield></datafield><datafield ind1=" " ind2=" " tag="260"><subfield code="a">Ridgecrest, Calif. :</subfield><subfield code="b">Hubbard Print.</subfield></datafield><datafield ind1=" " ind2=" " tag="300"><subfield code="a">v. :</subfield><subfield code="b">ill. ;</subfield><subfield code="c">58 x 35 cm.</subfield></datafield><datafield ind1=" " ind2=" " tag="310"><subfield code="a">Five issues weekly</subfield></datafield><datafield ind1="0" ind2=" " tag="362"><subfield code="a">Vol. 45, no. 81 (Oct. 11, 1971)-</subfield></datafield><datafield ind1=" " ind2=" " tag="530"><subfield code="a">Also available on the internet, called: Daily Independent Online.</subfield></datafield><datafield ind1=" " ind2=" " tag="530"><subfield code="a">Master negatives are available for duplication from:</subfield><subfield code="b">California Newspaper Microfilm Archive;</subfield><subfield code="c">positive copies may be purchased by the reel; for further information consult the CNMA at:</subfield><subfield code="u">http://cbsr.ucr.edu</subfield></datafield><datafield ind1=" " ind2="0" tag="651"><subfield code="a">Ridgecrest (Calif.)</subfield><subfield code="v">Newspapers.</subfield></datafield><datafield ind1=" " ind2="7" tag="655"><subfield code="a">Newspapers.</subfield><subfield code="2">fast</subfield><subfield code="0">(OCoLC)fst01423814</subfield></datafield><datafield ind1=" " ind2="7" tag="651"><subfield code="a">California</subfield><subfield code="z">Ridgecrest.</subfield><subfield code="2">fast</subfield><subfield code="0">(OCoLC)fst01226655</subfield></datafield><datafield ind1="0" ind2=" " tag="740"><subfield code="a">Daily independent online.</subfield></datafield><datafield ind1=" " ind2=" " tag="752"><subfield code="a">United States</subfield><subfield code="b">California</subfield><subfield code="c">Kern</subfield><subfield code="d">Ridgecrest.</subfield></datafield><datafield ind1="0" ind2="0" tag="780"><subfield code="t">Valley independent (Ridgecrest, Calif.)</subfield><subfield code="w">(DLC)sn 95062116</subfield></datafield><datafield ind1="4" ind2="1" tag="856"><subfield code="z">Online version:</subfield><subfield code="u">http://www.ridgecrestca.com/</subfield></datafield></record>